<?xml version="1.0" encoding="UTF-8" ?>
  <record>
    <leader>01251cim a22003491i 4500</leader>
    <controlfield tag="006">m|||||o||h||||||||</controlfield>
    <controlfield tag="007">cr#||a||||||||</controlfield>
    <controlfield tag="007">sr#|||||||||ed</controlfield>
    <controlfield tag="008">231030s        nz zznn o      ||   eng  </controlfield>
    <controlfield tag="005">20231030112504.0</controlfield>
    <datafield ind1=" " ind2=" " tag="040">
      <subfield code="a">Nz</subfield>
      <subfield code="b">eng</subfield>
      <subfield code="e">rda</subfield>
      <subfield code="c">Nz</subfield>
    </datafield>
    <datafield ind1=" " ind2=" " tag="042">
      <subfield code="a">nznb</subfield>
    </datafield>
    <datafield ind1="0" ind2="0" tag="245">
      <subfield code="a">templaes_downloading</subfield>
    </datafield>
    <datafield ind1=" " ind2="1" tag="264">
      <subfield code="a">[Wellington] :</subfield>
      <subfield code="b">Stuff,</subfield>
      <subfield code="c">[&lt;year from date of podcast&gt;]</subfield>
    </datafield>
    <datafield ind1=" " ind2=" " tag="300">
      <subfield code="a">1 online resource (1 audio file)</subfield>
    </datafield>
    <datafield ind1=" " ind2=" " tag="336">
      <subfield code="a">spoken word</subfield>
      <subfield code="2">rdacontent</subfield>
    </datafield>
    <datafield ind1=" " ind2=" " tag="337">
      <subfield code="a">computer</subfield>
      <subfield code="2">rdamedia</subfield>
    </datafield>
    <datafield ind1=" " ind2=" " tag="338">
      <subfield code="a">online resource</subfield>
      <subfield code="2">rdacarrier</subfield>
    </datafield>
    <datafield ind1=" " ind2=" " tag="344">
      <subfield code="a">digital</subfield>
      <subfield code="2">rda</subfield>
    </datafield>
    <datafield ind1="1" ind2=" " tag="490">
      <subfield code="a">Tell me about it,</subfield>
      <subfield code="x">[2816-1017] ;</subfield>
      <subfield code="v">episode &lt;episode number&gt;</subfield>
    </datafield>
    <datafield ind1=" " ind2=" " tag="500">
      <subfield code="a">Converted from audio files to streaming audio format.</subfield>
      <subfield code="5">Nz</subfield>
    </datafield>
    <datafield ind1=" " ind2=" " tag="520">
      <subfield code="a">"&lt;abstract from website&gt;"--RSS feed.</subfield>
    </datafield>
    <datafield ind1=" " ind2=" " tag="588">
      <subfield code="a">Record automatically derived from RSS feed.</subfield>
      <subfield code="5">Nz</subfield>
    </datafield>
    <datafield ind1=" " ind2="0" tag="650">
      <subfield code="a">Women</subfield>
      <subfield code="z">New Zealand</subfield>
      <subfield code="x">Social conditions.</subfield>
    </datafield>
    <datafield ind1=" " ind2="0" tag="650">
      <subfield code="a">Women</subfield>
      <subfield code="z">New Zealand.</subfield>
    </datafield>
    <datafield ind1=" " ind2="7" tag="655">
      <subfield code="a">Podcasts.</subfield>
      <subfield code="2">lcgft</subfield>
    </datafield>
    <datafield ind1="1" ind2=" " tag="700">
      <subfield code="a">Johnston, Kirsty</subfield>
      <subfield code="c">(Journalist),</subfield>
      <subfield code="e">author.</subfield>
    </datafield>
    <datafield ind1="1" ind2=" " tag="700">
      <subfield code="a">Duff, Michelle</subfield>
      <subfield code="c">(Journalist),</subfield>
      <subfield code="e">author.</subfield>
    </datafield>
    <datafield ind1="1" ind2=" " tag="700">
      <subfield code="a">McCarthy, Noelle,</subfield>
      <subfield code="e">author.</subfield>
    </datafield>
    <datafield ind1=" " ind2="0" tag="830">
      <subfield code="t">Tell me about it (Wellington, N.Z.) ;</subfield>
      <subfield code="v">episode &lt;episode number&gt;.</subfield>
    </datafield>
    <datafield tag="856" ind1="4" ind2="0">
       <subfield code="u"></subfield>
    </datafield>
    <datafield ind1="4" ind2="2" tag="856">
      <subfield code="3">File host</subfield>
      <subfield code="u">&lt;URL for podcast&gt;</subfield>
    </datafield>
  </record>